
@misc{LOGISIM,
	author = {Logisim},
	institution = {Logisim},
	series = {2.7.0 (2011)},
	title = {Logisim, a graphical tool for designing and simulating logic circuits},
	url = {http://ozark.hendrix.edu/~burch/logisim/},
	howpublished = {\url{http://ozark.hendrix.edu/~burch/logisim/}},
	year = 2011,
}


@book{roth2009fundamentals,
  title={Fundamentals of Logic Design},
  author={Charles Roth Jr.},
  isbn={9780495668046},
  url={http://books.google.com/books?id=EHN8VrpC21cC},
  year={2009},
  publisher={Cengage Learning}
}

@misc{NGSPICE,
	author = {Ngspice},
	series = {20},
	title = {Ngspice, Spice circuit simulator},
	url = {http://ngspice.sourceforge.net},
	howpublished = {\url{http://ngspice.sourceforge.net}},
	year = 2011,
}
